@article{townsend2013extension,
  title={An extension of Chebfun to two dimensions},
  author={Townsend, Alex and Trefethen, Lloyd N},
  journal={SIAM Journal on Scientific Computing},
  volume={35},
  number={6},
  pages={C495--C518},
  year={2013},
  publisher={SIAM}
}

@article{bebendorf2003adaptive,
  title={Adaptive low-rank approximation of collocation matrices},
  author={Bebendorf, Mario and Rjasanow, Sergej},
  journal={Computing},
  volume={70},
  number={1},
  pages={1--24},
  year={2003},
  publisher={Springer}
}

@article{bebendorf2011adaptive,
  title={Adaptive cross approximation of multivariate functions},
  author={Bebendorf, Mario},
  journal={Constructive approximation},
  volume={34},
  number={2},
  pages={149--179},
  year={2011},
  publisher={Springer}
}